<?xml version='1.0' encoding='UTF-8'?>
<record xmlns="http://www.loc.gov/MARC21/slim">
  <leader>02405cam a2200397 a 4500</leader>
  <controlfield tag="001">2842440</controlfield>
  <controlfield tag="003">NjP</controlfield>
  <controlfield tag="005">20171020174353.0</controlfield>
  <controlfield tag="008">000301s1916    mr            000 0 ara d</controlfield>
  <datafield tag="024" ind1="7" ind2=" ">
    <subfield code="a">princeton_aco001909</subfield>
    <subfield code="2">local</subfield>
  </datafield>
  <datafield ind1=" " ind2=" " tag="035">
    <subfield code="a">(OCoLC)ocn178201192</subfield>
  </datafield>
  <datafield ind1=" " ind2=" " tag="040">
    <subfield code="a">NjP</subfield>
    <subfield code="c">PUL</subfield>
    <subfield code="d">PUL</subfield>
  </datafield>
  <datafield ind1=" " ind2=" " tag="035">
    <subfield code="a">(OCoLC)178201192</subfield>
  </datafield>
  <datafield ind1=" " ind2=" " tag="035">
    <subfield code="9">CNS6175TS</subfield>
  </datafield>
  <datafield ind1=" " ind2=" " tag="035">
    <subfield code="a">(NjP)2842440</subfield>
  </datafield>
  <datafield ind1=" " ind2=" " tag="079">
    <subfield code="a">ocm82015997</subfield>
  </datafield>
  <datafield ind1=" " ind2=" " tag="049">
    <subfield code="a">PULL</subfield>
  </datafield>
  <datafield ind1="1" ind2=" " tag="100">
    <subfield code="6">880-01</subfield>
    <subfield code="a">Hawārī, ʻAbd al-Salām ibn Muḥammad,</subfield>
    <subfield code="d">1842 or 1843-1910 or 1911.</subfield>
    <subfield code="0">http://id.loc.gov/authorities/names/no00015620</subfield>
  </datafield>
  <datafield ind1="1" ind2="0" tag="240">
    <subfield code="6">880-02</subfield>
    <subfield code="a">Sharḥ li-Wathāʼiq Bannānī</subfield>
  </datafield>
  <datafield ind1="1" ind2="0" tag="245">
    <subfield code="6">880-03</subfield>
    <subfield code="a">Hādhā Sharḥ al-faqīh al-ʻālim al-ʻallāmah al-muḥaqqiq al-niḥrīr ... al-fahhāmah Sayyidī ʻAbd al-Salām ibn Sayyidī Muḥammad al-Hawārī li-Wathāʼiq al-ʻallāmah al-humām al-muftī al-nawāzirī Sayyidī Muḥammad ibn Aḥmad ibn Ḥamdūn Bannānī.</subfield>
  </datafield>
  <datafield ind1="3" ind2="0" tag="246">
    <subfield code="6">880-04</subfield>
    <subfield code="a">Sharḥ ʻAbd al-Salām ibn Sayyidī Muḥammad al-Hawārī li-Wathāʼiq Muḥammad ibn Aḥmad ibn Ḥamdūn Bannānī</subfield>
  </datafield>
  <datafield ind1="3" ind2="0" tag="246">
    <subfield code="6">880-05</subfield>
    <subfield code="a">Sharḥ al-Hawārī li-Wathāʼiq Bannānī</subfield>
  </datafield>
  <datafield ind1=" " ind2=" " tag="260">
    <subfield code="6">880-06</subfield>
    <subfield code="a">[Morocco] :</subfield>
    <subfield code="b">ʻU.b.A. bin al-Khayyāṭ,</subfield>
    <subfield code="c">1335 [1916]</subfield>
  </datafield>
  <datafield ind1=" " ind2=" " tag="300">
    <subfield code="a">328 p. ;</subfield>
    <subfield code="c">22 cm.</subfield>
  </datafield>
  <datafield ind1="1" ind2="0" tag="600">
    <subfield code="6">880-07</subfield>
    <subfield code="a">Firʻawn, Muḥammad ibn Aḥmad,</subfield>
    <subfield code="d">-1845.</subfield>
    <subfield code="t">Wathāʼiq al-Fāsīyah.</subfield>
  </datafield>
  <datafield ind1=" " ind2="0" tag="650">
    <subfield code="a">Islamic law.</subfield>
    <subfield code="0">http://id.loc.gov/authorities/subjects/sh85068454</subfield>
  </datafield>
  <datafield ind1=" " ind2="7" tag="655">
    <subfield code="a">Lithographs</subfield>
    <subfield code="z">Morocco</subfield>
    <subfield code="y">1916</subfield>
    <subfield code="2">gmgpc</subfield>
  </datafield>
  <datafield ind1="1" ind2=" " tag="880">
    <subfield code="6">100-01/r</subfield>
    <subfield code="a">هواري، عبد السلام بن محمد،</subfield>
    <subfield code="d">1842 or 1843-1910 or 1911.</subfield>
  </datafield>
  <datafield ind1="1" ind2="0" tag="880">
    <subfield code="6">240-02/r</subfield>
    <subfield code="a">شرح لوثائق بناني</subfield>
  </datafield>
  <datafield ind1="1" ind2="0" tag="880">
    <subfield code="6">245-03/r</subfield>
    <subfield code="a">هذا شرح الفقيه العالم العلامة المحقق النحرير ... الفهامة سيدي عبد السلام بن سيدي محمد الهواري لوثائق العلامة الهمام المفتي النوازري سيدي محمد بن احمد بن حمدون بناني.</subfield>
  </datafield>
  <datafield ind1="3" ind2="0" tag="880">
    <subfield code="6">246-04/r</subfield>
    <subfield code="a">شرح عبد السلام بن سيدي محمد الهواري لوثائق محمد بن احمد بن حمدون بناني</subfield>
  </datafield>
  <datafield ind1="3" ind2="0" tag="880">
    <subfield code="6">246-05/r</subfield>
    <subfield code="a">شرح الهواري لوثائق بناني</subfield>
  </datafield>
  <datafield ind1=" " ind2=" " tag="880">
    <subfield code="6">260-06/r</subfield>
    <subfield code="a">[مغرب] :</subfield>
    <subfield code="b">ع.ب.. بن الخياط،</subfield>
    <subfield code="c">1335 [1916]</subfield>
  </datafield>
  <datafield ind1="1" ind2="4" tag="880">
    <subfield code="6">600-07/r</subfield>
    <subfield code="a">فرعون، محمد بن احمد،</subfield>
    <subfield code="d">-1845.</subfield>
    <subfield code="t">وثائق الفاسية.</subfield>
  </datafield>
  <datafield ind1=" " ind2=" " tag="948">
    <subfield code="a">jeb</subfield>
  </datafield>
  <datafield ind1=" " ind2=" " tag="911">
    <subfield code="a">20000306</subfield>
  </datafield>
  <datafield ind1=" " ind2=" " tag="994">
    <subfield code="a">C0</subfield>
    <subfield code="b">PUL</subfield>
  </datafield>
  <datafield ind1=" " ind2=" " tag="999">
    <subfield code="a">2842440</subfield>
  </datafield>
  <datafield ind1="8" ind2="0" tag="852">
    <subfield code="0">3155155</subfield>
    <subfield code="b">nec</subfield>
    <subfield code="t">1</subfield>
    <subfield code="h">KBL.F5723 H38 1916</subfield>
  </datafield>
  <datafield ind1=" " ind2=" " tag="959">
    <subfield code="a">2000-06-13 00:00:00 -0500</subfield>
  </datafield>
</record>
